% ....názov súboru je: literatura.bib

@inproceedings{2012,
  doi = {10.1109/sbesc.2012.44},
  url = {https://doi.org/10.1109/sbesc.2012.44},
  year = {2012},
  month = nov,
  publisher = {{IEEE}},
  author = {Abilio G. Parada and Lisane B. de Brisolara},
  title = {A Model Driven Approach for Android Applications Development}
}


@INPROCEEDINGS{9032440,
  author={Sarkar, Anirban and Goyal, Ayush and Hicks, David and Sarkar, Debadrita and Hazra, Saikat},
  booktitle={2019 Third International conference on I-SMAC (IoT in Social, Mobile, Analytics and Cloud) (I-SMAC)}, 
  title={Android Application Development: A Brief Overview of Android Platforms and Evolution of Security Systems}, 
  year={2019},
  volume={},
  number={},
  pages={73-79},
  doi={10.1109/I-SMAC47947.2019.9032440}}